@article{bs,
Author = {Bridgwater, Adrian and Saran, Cliff},
ISSN = {00104787},
Journal = {Computer Weekly},
Keywords = {PIPELINES, AGILE software development, CHIEF technical officers},
Pages = {17 - 20},
Title = {WHAT CHANGES ARE IN THE CI/CD PIPELINE?.},
URL = {https://search.ebscohost.com/login.aspx?direct=true&AuthType=ip,sso&db=ukh&AN=140062723&site=eds-live&scope=site&custid=s2873033},
Year = {2019},
}

@article{saarenpaa2020creating,
  title={Creating an Azure CI/CD pipeline for a React web application},
  author={Saarenp{\"a}{\"a}, Joonas},
  year={2020},
  URL={https://www.theseus.fi/bitstream/handle/10024/353351/Saarenpaa_Joonas.pdf}
}

@article{kubinyi,
title={{Building an effective CI/CD pipeline for a content management system}},
author={Kubinyi, Iván},
year={2022},
language={English},
pages={44+4},
school={Aalto University. School of Science},
type={Master's thesis},
keywords={CI/CD, content management system, deployment pipeline, plugin architecture, monolithic repository},
url={http://urn.fi/URN:NBN:fi:aalto-202201301531}
}

@article{dsmgm,
Author = {Donca, Ionut-Catalin and Stan, Ovidiu Petru and Misaros, Marius and Gota, Dan and Miclea, Liviu},
ISSN = {14248220},
Journal = {Sensors (14248220)},
Keywords = {AGILE software development, COMPUTER software industry, COMPUTER software development, COMPUTER software, CONFIGURATION management, agile, configuration management, containerization, continuous delivery, continuous integration, git, version management},
Number = {12},
Pages = {N.PAG},
Title = {Method for Continuous Integration and Deployment Using a Pipeline Generator for Agile Software Projects.},
Volume = {22},
URL = {https://search.ebscohost.com/login.aspx?direct=true&AuthType=ip,sso&db=asn&AN=157823027&site=eds-live&scope=site&custid=s2873033},
Year = {2022},
}

@book{sander,
Author = {Sander, Rossel},
ISBN = {9781787286610},
Publisher = {Packt Publishing},
Title = {Continuous Integration, Delivery, and Deployment : Getting Started with the Processes and the Tools to Continuously Deliver High-quality Software.},
URL = {https://search.ebscohost.com/login.aspx?direct=true&AuthType=ip,sso&db=e000xww&AN=1626962&site=eds-live&scope=site&custid=s2873033},
Year = {2017},
}

@article{phillips2015manager,
  title={The IT Manager’s Guide to Continuous Delivery: Delivering business value in hours, not months},
  author={Phillips, A and Sens, M and De Jonge, A and Van Holsteijn, M},
  journal={XebiaLabs},
  year={2015}
}

@book{hf,
Author = {Humble, Jez and Farley, David},
ISBN = {9780321601919},
Publisher = {Addison Wesley},
Series = {A Martin Fowlers Signature Book},
Title = {Continuous delivery : reliable software releases through build, test, and deployment automation ;.},
URL = {https://search.ebscohost.com/login.aspx?direct=true&AuthType=ip,sso&db=cat05654a&AN=gmit.266091&site=eds-live&scope=site&custid=s2873033},
Year = {2011},
}

@article{chen,
Author = {Chen, Lianping},
ISSN = {07407459},
Journal = {IEEE Software},
Keywords = {Computer software development, Software engineering, Computer science, Computer research, Computer periodicals, Companies, Context modeling, continuous delivery, Continuous production, continuous software engineering, DevOps, Pipelines, release engineering, software deployment, Software development, Testing},
Number = {2},
Pages = {50 - 54},
Title = {Continuous Delivery: Huge Benefits, but Challenges Too.},
Volume = {32},
URL = {https://search.ebscohost.com/login.aspx?direct=true&AuthType=ip,sso&db=bth&AN=101591407&site=eds-live&scope=site&custid=s2873033},
Year = {2015},
}

@article{leppanenetal,
Author = {Leppanen, Marko and Makinen, Simo and Pagels, Max and Eloranta, Veli-Pekka and Itkonen, Juha and Mantyla, Mika V. and Mannisto, Tomi},
ISSN = {07407459},
Journal = {IEEE Software},
Keywords = {Information & communication technologies, Consumers, Rural roads, Deployment (Military strategy), Feedback control systems, continuous delivery, continuous deployment, continuous integration, Continuous production, Production, Software development, Software engineering, Testing, thematic analysis},
Number = {2},
Pages = {64 - 72},
Title = {The Highways and Country Roads to Continuous Deployment.},
Volume = {32},
URL = {https://search.ebscohost.com/login.aspx?direct=true&AuthType=ip,sso&db=bth&AN=101591418&site=eds-live&scope=site&custid=s2873033},
Year = {2015},
}

@article{clark,
Author = {Clark, Lindsay},
ISSN = {00104787},
Journal = {Computer Weekly},
Keywords = {COMPUTER software development, ADAPTERS (Telecommunication), POSTAL service, SPEED},
Pages = {19 - 22},
Title = {DELIVER AT SPEED WITH CI/CD: Continuous integration and delivery promises a remarkable acceleration in software development, but adaptors first need to get some basics in place to reap the rewards.},
URL = {https://search.ebscohost.com/login.aspx?direct=true&AuthType=ip,sso&db=ukh&AN=140409838&site=eds-live&scope=site&custid=s2873033},
Year = {2019},
}

@article{sb,
Author = {Saran, Cliff and Bridgwater, Adrian},
ISSN = {00104787},
Journal = {Computer Weekly},
Keywords = {BUSINESSPEOPLE, COMPUTER software},
Pages = {22 - 25},
Title = {TURNING IDEAS INTO SOFTWARE - QUICKLY.},
URL = {https://search.ebscohost.com/login.aspx?direct=true&AuthType=ip,sso&db=ukh&AN=140282821&site=eds-live&scope=site&custid=s2873033},
Year = {2019},
}

@article{saz,
  author={Shahin, Mojtaba and Ali Babar, Muhammad and Zhu, Liming},
  journal={IEEE Access}, 
  title={Continuous Integration, Delivery and Deployment: A Systematic Review on Approaches, Tools, Challenges and Practices}, 
  year={2017},
  volume={5},
  number={},
  pages={3909-3943},
  doi={10.1109/ACCESS.2017.2685629}}

@article{dm,
Author = {Debroy, Vidroha and Miller, Senecca},
ISSN = {07407459},
Journal = {IEEE SOFTWARE},
Keywords = {Software development management, Computer architecture, Cloud computing, Task analysis, Companies, Microservices, Automation, DevOps, Continuous Integration, Continuous Deployment, Containerization, Orchestration},
Number = {3},
Pages = {21 - 29},
Title = {Overcoming Challenges With Continuous Integration and Deployment Pipelines: An Experience Report From a Small Company.},
Volume = {37},
URL = {https://search.ebscohost.com/login.aspx?direct=true&AuthType=ip,sso&db=edswsc&AN=000528835000004&site=eds-live&scope=site&custid=s2873033},
Year = {2020},
}

@book{koch,
Author = {Koch, Alan S.},
ISBN = {9781580538428},
Publisher = {Artech House, Inc},
Series = {Artech House Computing Library},
Title = {Agile Software Development : Evaluating the Methods for Your Organization.},
URL = {https://search.ebscohost.com/login.aspx?direct=true&AuthType=ip,sso&db=e000xww&AN=125232&site=eds-live&scope=site&custid=s2873033},
Year = {2005},
}

@article{aaa,
Author = {DŽANIĆ, Amel and TOROMAN, Amel and DŽANIĆ, Alma},
ISSN = {20673809},
Journal = {Acta Technica Corviniensis - Bulletin of Engineering},
Keywords = {AGILE software development, COMPUTER software development, advantages and disadvantages, Agile software, development},
Number = {4},
Pages = {95 - 100},
Title = {AGILE SOFTWARE DEVELOPMENT: MODEL, METHODS, ADVANTAGES AND DISADVANTAGES .},
Volume = {15},
URL = {https://search.ebscohost.com/login.aspx?direct=true&AuthType=ip,sso&db=asn&AN=161023048&site=eds-live&scope=site&custid=s2873033},
Year = {2022},
}

@article{dragos,
Author = {Dragos, Paul},
ISSN = {1222569X},
Journal = {Annals of the University of Oradea, Economic Science Series},
Keywords = {Computer software development, Application software, Agile software development, Marketing software, Agile, management, roles, software development, stakeholders},
Number = {2},
Pages = {353 - 362},
Title = {THE IMPACT OF STAKEHOLDERS IN AGILE SOFTWARE DEVELOPMENT.},
Volume = {30},
URL = {https://search.ebscohost.com/login.aspx?direct=true&AuthType=ip,sso&db=bth&AN=155700216&site=eds-live&scope=site&custid=s2873033},
Year = {2021},
}

@article{hlrf,
Author = {Hemon, Aymeric and Lyonnet, Barbara and Rowe, Frantz and Fitzgerald, Brian},
ISSN = {13873326},
Journal = {INFORMATION SYSTEMS FRONTIERS},
Keywords = {DevOps, Agile, Smartness, Roles, Skills, Collaboration},
Number = {4},
Pages = {927 - 945},
Title = {From Agile to DevOps: Smart Skills and Collaborations.},
Volume = {22},
URL = {https://search.ebscohost.com/login.aspx?direct=true&AuthType=ip,sso&db=edswsc&AN=000547253700010&site=eds-live&scope=site&custid=s2873033},
Year = {2020},
}